@book{wald:1984,
  added-at = {2010-07-23T07:14:55.000+0200},
  author = {Wald, Robert M.},
  biburl = {https://www.bibsonomy.org/bibtex/2ea71d94b582f28dd0f474fc7a32db6e8/richterek},
  interhash = {c63a667f3a64a36e27441046294254bf},
  intrahash = {ea71d94b582f28dd0f474fc7a32db6e8},
  keywords = {general\_relativity},
  mendeley-tags = {general\_relativity},
  publisher = {The University of Chicago Press},
  timestamp = {2010-07-23T07:15:06.000+0200},
  title = {{General Relativity}},
  type = {Book},
  year = 1984
}

@misc{Wikipedia:2024,
 title = {{Wikipedia}}
}