@book{carroll,
  added-at = {2010-01-21T15:47:21.000+0100},
  asin = {0805387323},
  author = {Carroll, Sean},
  biburl = {https://www.bibsonomy.org/bibtex/2a9db5ea9854d4856475d8a4254003365/random3f},
  description = {Spacetime and Geometry: An Introduction to General Relativity (9780805387322): Sean Carroll: Books},
  dewey = {530.11},
  ean = {9780805387322},
  interhash = {e69a446e3a84b681ad80f7979d7424a1},
  intrahash = {a9db5ea9854d4856475d8a4254003365},
  isbn = {0805387323},
  keywords = {GeneralRelativity Geometry books spacetime},
  publisher = {Benjamin Cummings},
  timestamp = {2010-01-21T15:47:21.000+0100},
  title = {Spacetime and Geometry: An Introduction to General Relativity},
  url = {http://www.amazon.com/Spacetime-Geometry-Introduction-General-Relativity/dp/0805387323},
  year = 2003,
  pages={239}
}

@online{carlipLec,
      title={Lectures in (2+1)-Dimensional Gravity}, 
      author={Steven Carlip},
      year={1995},
      eprint={gr-qc/9503024},
      archivePrefix={arXiv},
      primaryClass={gr-qc}
}

@article{cornish,
  title = {Gravitation in 2+1 dimensions},
  author = {Cornish, N. J. and Frankel, N. E.},
  journal = {Phys. Rev. D},
  volume = {43},
  issue = {8},
  pages = {2555--2565},
  numpages = {0},
  year = {1991},
  month = {4},
  publisher = {American Physical Society},
  doi = {10.1103/PhysRevD.43.2555},
  url = {https://link.aps.org/doi/10.1103/PhysRevD.43.2555}
}

@article{mann93,
   title={Gravitationally collapsing dust in 2 + 1 dimensions},
   volume={47},
   ISSN={0556-2821},
   url={http://dx.doi.org/10.1103/PhysRevD.47.3319},
   DOI={10.1103/physrevd.47.3319},
   number={8},
   journal={Physical Review D},
   publisher={American Physical Society (APS)},
   author={Mann, R. B. and Ross, S. F.},
   year={1993},
   month=4, 
   pages={3319–3322} 
}

@article{martinez,
   title={Charged rotating black hole in three spacetime dimensions},
   volume={61},
   ISSN={1089-4918},
   url={http://dx.doi.org/10.1103/PhysRevD.61.104013},
   DOI={10.1103/physrevd.61.104013},
   number={10},
   journal={Physical Review D},
   publisher={American Physical Society (APS)},
   author={Martínez, Cristián and Teitelboim, Claudio and Zanelli, Jorge},
   year={2000},
   month=4 
}

@article{banados92,
   title={Black hole in three-dimensional spacetime},
   volume={69},
   ISSN={0031-9007},
   url={http://dx.doi.org/10.1103/PhysRevLett.69.1849},
   DOI={10.1103/physrevlett.69.1849},
   number={13},
   journal={Physical Review Letters},
   publisher={American Physical Society (APS)},
   author={Bañados, Máximo and Teitelboim, Claudio and Zanelli, Jorge},
   year={1992},
   month=9,
   pages={1849–1851} 
}

@article{banados93,
   title={Geometry of the 2+1 black hole},
   volume={48},
   ISSN={0556-2821},
   url={http://dx.doi.org/10.1103/PhysRevD.48.1506},
   DOI={10.1103/physrevd.48.1506},
   number={4},
   journal={Physical Review D},
   publisher={American Physical Society (APS)},
   author={Bañados, Máximo and Henneaux, Marc and Teitelboim, Claudio and Zanelli, Jorge},
   year={1993},
   month=8,
   pages={1506–1525} 
}

@article{carlip95,
   title={The (2 + 1)-dimensional black hole},
   volume={12},
   ISSN={1361-6382},
   url={http://dx.doi.org/10.1088/0264-9381/12/12/005},
   DOI={10.1088/0264-9381/12/12/005},
   number={12},
   journal={Classical and Quantum Gravity},
   publisher={IOP Publishing},
   author={Carlip, S},
   year={1995},
   month=12, 
   pages={2853–2879} 
}

@online{chan,
      title={Static Charged Black Holes in (2+1) Dimensional Dilaton Gravity}, 
      author={K.C.K Chan},
      year={1994},
      eprint={gr-qc/9404040},
      archivePrefix={arXiv},
      primaryClass={gr-qc}
}